<?xml version="1.0" encoding="UTF-8"?><collection><record><leader>04885ntm a2200553 a 4500</leader><controlfield tag="001">006814094</controlfield><controlfield tag="003">MiAaHDL</controlfield><controlfield tag="005">20190719000000.0</controlfield><controlfield tag="006">m        d        </controlfield><controlfield tag="007">cr bn ---auaua</controlfield><controlfield tag="008">090608q17441745xx            00| ||ota d</controlfield><datafield tag="035" ind1=" " ind2=" "><subfield code="a">(MiU)006814094</subfield></datafield><datafield tag="035" ind1=" " ind2=" "><subfield code="a">sdr-miu006814094</subfield></datafield><datafield tag="040" ind1=" " ind2=" "><subfield code="a">MiU</subfield><subfield code="c">MiU</subfield><subfield code="e">amremm</subfield></datafield><datafield tag="043" ind1=" " ind2=" "><subfield code="a">n-us-mi</subfield></datafield><datafield tag="100" ind1="0" ind2=" "><subfield code="6">880-01</subfield><subfield code="a">Vefa,</subfield><subfield code="c">Şeyh,</subfield><subfield code="d">-1490.</subfield></datafield><datafield tag="245" ind1="1" ind2="0"><subfield code="6">880-03</subfield><subfield code="a">Ruzname-yi Şeyh Vefa,</subfield><subfield code="f">[1157?, i.e. 1744 or 1745?].</subfield></datafield><datafield tag="246" ind1="3" ind2=" "><subfield code="a">Ruzname-yi Şeyh Vefa şerhi</subfield></datafield><datafield tag="246" ind1="3" ind2=" "><subfield code="i">Title from rubricated heading on p.3:</subfield><subfield code="a">روزنامۀ حضرت شيخ وفا قدس سره</subfield></datafield><datafield tag="260" ind1=" " ind2=" "><subfield code="c">[1744 or 1745?].</subfield></datafield><datafield tag="300" ind1=" " ind2=" "><subfield code="a">9 leaves :</subfield><subfield code="b">paper ;</subfield><subfield code="c">205 x 143 (176 x 103) mm.</subfield></datafield><datafield tag="500" ind1=" " ind2=" "><subfield code="a">Shelfmark: Ann Arbor, University of Michigan, Special Collections Library, Isl. Ms. 821</subfield></datafield><datafield tag="500" ind1=" " ind2=" "><subfield code="a">Origin: Lacks dated colophon though discussion on p.1 addresses the year 1126 [1714 or 15] as an example and discussion on p.3 address the years 1064-1066 [1653-6] ; date in diagram on p.3 1157 [1744 or 5] may suggest a date of transcription ; paper, etc. would suggest 17th or 18th century.</subfield></datafield><datafield tag="500" ind1=" " ind2=" "><subfield code="a">Accompanying materials: Slip with notes inserted at close.</subfield></datafield><datafield tag="500" ind1=" " ind2=" "><subfield code="a">Binding: Pasteboards (quite thin) covered in black, red, orange and white mottled paper (sponge painted or faux marbled look) with red leather over spine and edges/turn-ins ; Type III binding (without flap) ; board linings in yellow-tinted wove paper ; sewn in white thread, two stations ; overall in fair with minor pest damage, abrasion, etc.</subfield></datafield><datafield tag="500" ind1=" " ind2=" "><subfield code="a">Support: European laid paper with 7 laid lines per cm. (vertical), chain lines spaced 29 mm. apart (horizontal), and three crescents watermark (roughly 80 mm. long, perpendicular to chains, see p.12, etc.), sturdy, cream in color, well-burnished.</subfield></datafield><datafield tag="500" ind1=" " ind2=" "><subfield code="a">Decoration: Written area surrounded by double rule-border in red and black ; keywords, headings and some numerals (in tables and diagrams) rubricated ; numerous tables and diagrams.</subfield></datafield><datafield tag="500" ind1=" " ind2=" "><subfield code="a">Script: Naskh ; clear Turkish hand ; serifless with slight effect of tilt to the left, many closed counters, curvilinear descenders, pointing (for two and three dots) mainly in strokes rather than distinct dots.</subfield></datafield><datafield tag="500" ind1=" " ind2=" "><subfield code="a">Layout: Varies though each page after opening two with circular diagrams (see pp.2-3) typically with 3 lines of text above table and a varying numer of lines adjacent to table ; frame-ruled.</subfield></datafield><datafield tag="500" ind1=" " ind2=" "><subfield code="a">Collation: III+3 (9) ; pagination in pencil, Western numerals, supplied during digitization.</subfield></datafield><datafield tag="500" ind1=" " ind2=" "><subfield code="a">Incipit: "شرح دائره سال حرف يكشنبه اسان وجهله بيان اولندى ... روزنامۀ حضرت شيخ وفا قدس سره اكر يكشنبه حرفندن غفلت اولور ..."</subfield></datafield><datafield tag="500" ind1=" " ind2=" "><subfield code="a">Title from inscription on 'title page' (p.1).</subfield></datafield><datafield tag="500" ind1=" " ind2=" "><subfield code="a">Ms. codex.</subfield></datafield><datafield tag="510" ind1="4" ind2=" "><subfield code="a">King, D. A Survey of the scientific manuscripts in the Egyptian National Library ( Winona Lake, 1986),</subfield><subfield code="c">no. H2</subfield></datafield><datafield tag="510" ind1="4" ind2=" "><subfield code="a">Cat. Turk. MSS. Brit. Mus.,</subfield><subfield code="c">p.122 f.</subfield></datafield><datafield tag="520" ind1="8" ind2=" "><subfield code="a">Fine copy of the calendar or almanac of Şeyh Vefa (Muslihittin Mustafa, d.1490) comprised mainly of tables for calendar conversion, etc. with instructions in Turkish.</subfield></datafield><datafield tag="538" ind1=" " ind2=" "><subfield code="a">Mode of access: Internet.</subfield></datafield><datafield tag="541" ind1=" " ind2=" "><subfield code="a">Purchased in Cairo, 1933/34.</subfield></datafield><datafield tag="546" ind1=" " ind2=" "><subfield code="a">Ottoman Turkish.</subfield></datafield><datafield tag="561" ind1=" " ind2=" "><subfield code="a">Inscription in pencil on 'title page' suggesting contents and book price "Calendar | 8 Piastres" ; effaced inscription below title on 'title page' (p.1) ; excerpts in Arabic following close opening with excerpt from Manāhil al-samar fī manāzil al-qamr of Abū al-Wajāhah al-Murshidī (d.1628 or 9) that opens "الحمد لله الذي ابدع ما في الارض من خلق وما فوق السماء وعالم بالسر والاعلان ومظهر الايات والبرهان ..." (pp.16-17) followed by "صفة المنازل في السماء ..." (p.18) ; relatively clean copy.</subfield></datafield><datafield tag="650" ind1=" " ind2="0"><subfield code="a">Manuscripts, Turkish</subfield><subfield code="z">Michigan</subfield><subfield code="z">Ann Arbor.</subfield></datafield><datafield tag="650" ind1=" " ind2="0"><subfield code="a">Perpetual calendars</subfield><subfield code="v">Early works to 1800.</subfield></datafield><datafield tag="650" ind1=" " ind2="0"><subfield code="a">Islamic calendar</subfield><subfield code="v">Early works to 1800.</subfield></datafield><datafield tag="700" ind1="1" ind2=" "><subfield code="a">Meyerhof, Max,</subfield><subfield code="d">1874-1945,</subfield><subfield code="e">former owner.</subfield></datafield><datafield tag="700" ind1="1" ind2="2"><subfield code="6">880-07</subfield><subfield code="a">Abū al-Wajāhah al-Murshidī, ʻAbd al-Raḥmān ibn ʻĪsá,</subfield><subfield code="d">1567 or 1568-1628 or 1629.</subfield><subfield code="t">Manāhil al-samar fī manāzil al-qamr.</subfield><subfield code="k">Selections.</subfield></datafield><datafield tag="773" ind1="0" ind2=" "><subfield code="a">Tracy W. McGregor Collection of Arabic, Persian, and Turkish Mathematical and Astronomical Manuscripts.</subfield></datafield><datafield tag="880" ind1="1" ind2="2"><subfield code="6">700-07/</subfield><subfield code="a">ابو الوجاهة المرشجي، عبد الرحمن بن عيسى،</subfield><subfield code="d">1567 or 8-1628 or 9.</subfield><subfield code="t">مناهل السمر في منازل القمر.</subfield><subfield code="k">مختارات</subfield></datafield><datafield tag="880" ind1="1" ind2="0"><subfield code="6">245-03/</subfield><subfield code="a">روزنامۀ شيخ وفا,</subfield><subfield code="f">[1157ه؟, 1744 او 1745م؟].</subfield></datafield><datafield tag="880" ind1="0" ind2=" "><subfield code="6">100-01/</subfield><subfield code="a">.شيخ وفاء</subfield></datafield><datafield tag="CID" ind1=" " ind2=" "><subfield code="a">006814094</subfield></datafield><datafield tag="DAT" ind1="0" ind2=" "><subfield code="a">20190719102638.0</subfield><subfield code="b">20190719000000.0</subfield></datafield><datafield tag="DAT" ind1="1" ind2=" "><subfield code="a">20190719090653.0</subfield><subfield code="b">2019-07-19T16:11:50Z</subfield></datafield><datafield tag="DAT" ind1="2" ind2=" "><subfield code="a">2015-10-02T18:00:03Z</subfield></datafield><datafield tag="CAT" ind1=" " ind2=" "><subfield code="a">SDR-MIU</subfield><subfield code="d">EX LIBRIS - ALEPH</subfield><subfield code="l">prepare.pl-004-008</subfield></datafield><datafield tag="FMT" ind1=" " ind2=" "><subfield code="a">BK</subfield></datafield><datafield tag="HOL" ind1=" " ind2=" "><subfield code="0">sdr-miu006814094</subfield><subfield code="a">MiU</subfield><subfield code="b">SDR</subfield><subfield code="c">MIU</subfield><subfield code="p">mdp.39015079128685</subfield><subfield code="s">MIU</subfield><subfield code="1">006814094</subfield></datafield><datafield tag="974" ind1=" " ind2=" "><subfield code="b">MIU</subfield><subfield code="c">MIU</subfield><subfield code="d">20190719</subfield><subfield code="s">lit-dlps-dc</subfield><subfield code="u">mdp.39015079128685</subfield><subfield code="y">1745</subfield><subfield code="r">pd</subfield><subfield code="q">bib</subfield><subfield code="t">non-US bib date2 &lt; 1896</subfield></datafield></record></collection>